<?xml version="1.0" encoding="UTF-8"?><collection xmlns="http://www.loc.gov/MARC21/slim"><record><leader>00510nam--2200133-i-4500</leader><controlfield tag="001">000042700</controlfield><controlfield tag="002">20161230</controlfield><controlfield tag="005">20161230201043</controlfield><controlfield tag="008">060222s1000------------r-----000-0-eng-d</controlfield><datafield ind1=" " ind2=" " tag="080"><subfield code="a">66.075.5(094)</subfield></datafield><datafield ind1=" " ind2=" " tag="245"><subfield code="a">Prescriptii tehnice pt.recipeintele stabile sub presiune pentru depozitarea clorului si bioxidului de sulf, lichefiate. c 12-75. ed.oficiala</subfield></datafield><datafield ind1=" " ind2=" " tag="260"><subfield code="a">Bucuresti, Ed.Tehnica, 1976, 11p</subfield></datafield><datafield ind1=" " ind2=" " tag="490"><subfield code="a">Colectia Inspecitiei Pt.Cazane, Recipeinte Sub Presiune Si Instaltii De Ridicat. Iscir</subfield></datafield><datafield ind1=" " ind2=" " tag="852"><subfield code="a">20710</subfield></datafield></record></collection>